<?xml version="1.0" encoding="UTF-8"?><collection xmlns="http://www.loc.gov/MARC21/slim"><record><leader>00380nam--2200145-i-4500</leader><controlfield tag="001">000032351</controlfield><controlfield tag="002">20161230</controlfield><controlfield tag="005">20161230201039</controlfield><controlfield tag="008">060222s1000------------r-----000-0-eng-d</controlfield><datafield ind1=" " ind2=" " tag="080"><subfield code="a">631.3(022)=59</subfield></datafield><datafield ind1=" " ind2=" " tag="100"><subfield code="a">Minin, P.I</subfield></datafield><datafield ind1=" " ind2=" " tag="245"><subfield code="a">Masini agricole. trad.din l.rusa</subfield></datafield><datafield ind1=" " ind2=" " tag="260"><subfield code="a">BUCURESTI, ED.TEHNICA, 1951, 320 p.+ ERATA</subfield></datafield><datafield ind1=" " ind2=" " tag="852"><subfield code="a">1650</subfield><subfield code="c">518.2</subfield></datafield><datafield ind1=" " ind2=" " tag="CAT"><subfield code="a">Sys</subfield><subfield code="c">20090708</subfield><subfield code="h">090217</subfield></datafield></record></collection>